<?xml version="1.0" encoding="UTF-8"?>
<!DOCTYPE html PUBLIC "-//W3C//DTD XHTML 1.0 Transitional//EN"
    "http://www.w3.org/TR/xhtml1/DTD/xhtml1-transitional.dtd">
<html xmlns="http://www.w3.org/1999/xhtml" xml:lang="en" lang="en">
 <head>
  <title>
</title>
<meta http-equiv="Content-Type" content="text/html;charset=utf-8" />
  <meta name='ocr-system' content='tesseract 3.04.00' />
  <meta name='ocr-capabilities' content='ocr_page ocr_carea ocr_par ocr_line ocrx_word'/>
</head>
<body>
  <div class='ocr_page' id='page_1' title='image "./carolialinnsyst06spregoog_0012.png"; bbox 0 0 2656 4822; ppageno 0'>
   <div class='ocr_carea' id='block_1_1' title="bbox 532 224 796 303">
    <p class='ocr_par' dir='ltr' id='par_1_1' title="bbox 532 224 796 303">
     <span class='ocr_line' id='line_1_1' title="bbox 532 224 796 303; baseline 0 0"><span class='ocrx_word' id='word_1_1' title='bbox 532 270 583 286; x_wconf 92' lang='lat'>—</span> <span class='ocrx_word' id='word_1_2' title='bbox 636 224 697 303; x_wconf 71' lang='lat' dir='ltr'><strong>ru</strong></span> <span class='ocrx_word' id='word_1_3' title='bbox 729 268 796 301; x_wconf 68' lang='lat'><strong>0-</strong></span> 
     </span>
    </p>
   </div>
   <div class='ocr_carea' id='block_1_2' title="bbox 54 404 1259 538">
    <p class='ocr_par' dir='ltr' id='par_1_2' title="bbox 54 404 1259 538">
     <span class='ocr_line' id='line_1_2' title="bbox 54 404 1259 538; baseline 0.015 -39"><span class='ocrx_word' id='word_1_4' title='bbox 54 410 57 417; x_wconf 53' lang='grc'><strong>’</strong></span> <span class='ocrx_word' id='word_1_5' title='bbox 167 431 223 502; x_wconf 88' lang='lat' dir='ltr'><strong>Ut</strong></span> <span class='ocrx_word' id='word_1_6' title='bbox 239 404 392 504; x_wconf 84' lang='lat' dir='ltr'><strong>interea</strong></span> <span class='ocrx_word' id='word_1_7' title='bbox 408 446 538 503; x_wconf 87' lang='lat' dir='ltr'><strong>tamen</strong></span> <span class='ocrx_word' id='word_1_8' title='bbox 563 431 685 502; x_wconf 90' lang='lat' dir='ltr'><strong>adhuc</strong></span> <span class='ocrx_word' id='word_1_9' title='bbox 709 428 829 531; x_wconf 76' lang='lat' dir='ltr'><strong>magis</strong></span> <span class='ocrx_word' id='word_1_10' title='bbox 847 433 1031 508; x_wconf 78' lang='lat' dir='ltr'><strong>increscat</strong></span> <span class='ocrx_word' id='word_1_11' title='bbox 1047 434 1090 508; x_wconf 88' lang='lat' dir='ltr'><strong>in</strong></span> <span class='ocrx_word' id='word_1_12' title='bbox 1104 440 1259 538; x_wconf 89' lang='lat' dir='ltr'><strong>incepto</strong></span> 
     </span>
    </p>
   </div>
   <div class='ocr_carea' id='block_1_3' title="bbox 28 597 1316 4129">
    <p class='ocr_par' dir='ltr' id='par_1_3' title="bbox 28 597 1316 4129">
     <span class='ocr_line' id='line_1_3' title="bbox 78 597 1259 690; baseline 0.011 -24"><span class='ocrx_word' id='word_1_13' title='bbox 78 616 183 690; x_wconf 87' lang='lat' dir='ltr'><strong>opere</strong></span> <span class='ocrx_word' id='word_1_14' title='bbox 209 599 384 690; x_wconf 83' lang='lat' dir='ltr'>supellex</span> <span class='ocrx_word' id='word_1_15' title='bbox 410 597 596 684; x_wconf 76' lang='lat' dir='ltr'><strong>butanica,</strong></span> <span class='ocrx_word' id='word_1_16' title='bbox 623 597 879 668; x_wconf 76' lang='lat' dir='ltr'><strong>annuentibus</strong></span> <span class='ocrx_word' id='word_1_17' title='bbox 900 597 1073 690; x_wconf 80' lang='lat' dir='ltr'><strong>plurimis</strong></span> <span class='ocrx_word' id='word_1_18' title='bbox 1092 626 1146 685; x_wconf 72' lang='lat' dir='ltr'><strong>,ex</strong></span> <span class='ocrx_word' id='word_1_19' title='bbox 1165 610 1259 679; x_wconf 83' lang='lat' dir='ltr'><strong>ami-</strong></span> 
     </span>
     <span class='ocr_line' id='line_1_4' title="bbox 77 750 1257 855; baseline 0.01 -25"><span class='ocrx_word' id='word_1_20' title='bbox 77 762 123 831; x_wconf 89' lang='lat' dir='ltr'><strong>cis</strong></span> <span class='ocrx_word' id='word_1_21' title='bbox 157 763 450 852; x_wconf 79' lang='lat' dir='ltr'><strong>fautoribusque</strong></span> <span class='ocrx_word' id='word_1_22' title='bbox 485 750 621 832; x_wconf 84' lang='lat' dir='ltr'><strong>nostris</strong></span> <span class='ocrx_word' id='word_1_23' title='bbox 659 784 771 853; x_wconf 89' lang='lat' dir='ltr'><strong>supra</strong></span> <span class='ocrx_word' id='word_1_24' title='bbox 809 759 1000 855; x_wconf 85' lang='lat' dir='ltr'><strong>adductis,</strong></span> <span class='ocrx_word' id='word_1_25' title='bbox 1048 766 1257 844; x_wconf 80' lang='lat' dir='ltr'><strong>invitamus</strong></span> 
     </span>
     <span class='ocr_line' id='line_1_5' title="bbox 28 924 1282 1025; baseline 0.009 -30"><span class='ocrx_word' id='word_1_26' title='bbox 28 968 30 1005; x_wconf 83' lang='lat'>;</span> <span class='ocrx_word' id='word_1_27' title='bbox 52 1014 57 1019; x_wconf 13' lang='grc' dir='ltr'><strong><em>ῃ</em></strong></span> <span class='ocrx_word' id='word_1_28' title='bbox 78 926 233 995; x_wconf 88' lang='lat' dir='ltr'><strong>cultores</strong></span> <span class='ocrx_word' id='word_1_29' title='bbox 258 925 456 994; x_wconf 89' lang='lat' dir='ltr'><strong>Botanices</strong></span> <span class='ocrx_word' id='word_1_30' title='bbox 475 924 645 1025; x_wconf 87' lang='lat' dir='ltr'><strong>omnium</strong></span> <span class='ocrx_word' id='word_1_31' title='bbox 668 941 874 1014; x_wconf 86' lang='lat' dir='ltr'><strong>terrarum,</strong></span> <span class='ocrx_word' id='word_1_32' title='bbox 896 941 959 1017; x_wconf 86' lang='lat' dir='ltr'><strong>ut,</strong></span> <span class='ocrx_word' id='word_1_33' title='bbox 984 931 1165 1024; x_wconf 87' lang='lat' dir='ltr'><strong>quidquid</strong></span> <span class='ocrx_word' id='word_1_34' title='bbox 1179 958 1282 1014; x_wconf 83' lang='lat' dir='ltr'><strong>rec·¹</strong></span> 
     </span>
     <span class='ocr_line' id='line_1_6' title="bbox 79 1086 1256 1193; baseline 0.005 -31"><span class='ocrx_word' id='word_1_35' title='bbox 79 1091 158 1162; x_wconf 88' lang='lat' dir='ltr'><strong>tius</strong></span> <span class='ocrx_word' id='word_1_36' title='bbox 184 1091 281 1177; x_wconf 90' lang='lat' dir='ltr'><strong>illis,</strong></span> <span class='ocrx_word' id='word_1_37' title='bbox 305 1086 405 1184; x_wconf 83' lang='lat' dir='ltr'><strong>quae</strong></span> <span class='ocrx_word' id='word_1_38' title='bbox 429 1089 469 1156; x_wconf 85' lang='lat' dir='ltr'><strong>iri</strong></span> <span class='ocrx_word' id='word_1_39' title='bbox 495 1089 663 1181; x_wconf 88' lang='lat' dir='ltr'><strong>quinque</strong></span> <span class='ocrx_word' id='word_1_40' title='bbox 687 1088 881 1182; x_wconf 88' lang='lat' dir='ltr'><strong>hucusque</strong></span> <span class='ocrx_word' id='word_1_41' title='bbox 907 1090 1018 1160; x_wconf 87' lang='lat' dir='ltr'><strong>editis</strong></span> <span class='ocrx_word' id='word_1_42' title='bbox 1043 1096 1156 1165; x_wconf 89' lang='lat' dir='ltr'><strong>tornis</strong></span> <span class='ocrx_word' id='word_1_43' title='bbox 1172 1123 1256 1193; x_wconf 80' lang='lat' dir='ltr'><strong>pro</strong></span> 
     </span>
     <span class='ocr_line' id='line_1_7' title="bbox 28 1240 1256 1365; baseline 0.003 -38"><span class='ocrx_word' id='word_1_44' title='bbox 28 1356 29 1365; x_wconf 8' lang='grc' dir='ltr'>ἵ</span> <span class='ocrx_word' id='word_1_45' title='bbox 58 1240 63 1267; x_wconf 39' lang='lat'><strong>¹²</strong></span> <span class='ocrx_word' id='word_1_46' title='bbox 86 1251 155 1328; x_wconf 81' lang='lat' dir='ltr'><strong>lata</strong></span> <span class='ocrx_word' id='word_1_47' title='bbox 177 1258 363 1345; x_wconf 78' lang='lat' dir='ltr'><strong>fuerant,</strong></span> <span class='ocrx_word' id='word_1_48' title='bbox 377 1253 561 1322; x_wconf 85' lang='lat' dir='ltr'><strong>sciverint</strong></span> <span class='ocrx_word' id='word_1_49' title='bbox 564 1253 820 1346; x_wconf 78' lang='lat' dir='ltr'><strong>,impertiant</strong></span> <span class='ocrx_word' id='word_1_50' title='bbox 843 1277 910 1348; x_wconf 91' lang='lat' dir='ltr'><strong>pro</strong></span> <span class='ocrx_word' id='word_1_51' title='bbox 938 1256 1148 1328; x_wconf 76' lang='lat' dir='ltr'><strong>Min‘ctssa</strong></span> <span class='ocrx_word' id='word_1_52' title='bbox 1170 1285 1256 1354; x_wconf 89' lang='lat' dir='ltr'><strong>pro·</strong></span> 
     </span>
     <span class='ocr_line' id='line_1_8' title="bbox 77 1392 1255 1529; baseline 0.003 -40"><span class='ocrx_word' id='word_1_53' title='bbox 77 1420 190 1490; x_wconf 81' lang='lat' dir='ltr'><strong>rimis</strong></span> <span class='ocrx_word' id='word_1_54' title='bbox 229 1392 401 1529; x_wconf 84' lang='lat' dir='ltr'><strong>Paschis</strong></span> <span class='ocrx_word' id='word_1_55' title='bbox 421 1419 518 1525; x_wconf 80' lang='lat' dir='ltr'><strong>typis</strong></span> <span class='ocrx_word' id='word_1_56' title='bbox 544 1416 776 1527; x_wconf 65' lang='lat' dir='ltr'><strong>munienda,</strong></span> <span class='ocrx_word' id='word_1_57' title='bbox 810 1434 849 1488; x_wconf 87' lang='lat' dir='ltr'><strong>et</strong></span> <span class='ocrx_word' id='word_1_58' title='bbox 884 1420 1067 1512; x_wconf 87' lang='lat' dir='ltr'><strong>quidquid</strong></span> <span class='ocrx_word' id='word_1_59' title='bbox 1098 1428 1189 1496; x_wconf 84' lang='lat' dir='ltr'><strong>novi</strong></span> <span class='ocrx_word' id='word_1_60' title='bbox 1213 1429 1255 1497; x_wconf 89' lang='lat' dir='ltr'><strong>in</strong></span> 
     </span>
     <span class='ocr_line' id='line_1_9' title="bbox 73 1558 1257 1693; baseline 0.006 -40"><span class='ocrx_word' id='word_1_61' title='bbox 73 1608 191 1683; x_wconf 87' lang='lat' dir='ltr'><strong>reguo</strong></span> <span class='ocrx_word' id='word_1_62' title='bbox 237 1584 455 1680; x_wconf 79' lang='lat' dir='ltr'><strong>vegetabili·</strong></span> <span class='ocrx_word' id='word_1_63' title='bbox 487 1558 790 1693; x_wconf 82' lang='lat' dir='ltr'><strong>observaverint,</strong></span> <span class='ocrx_word' id='word_1_64' title='bbox 840 1585 1041 1653; x_wconf 87' lang='lat' dir='ltr'><strong>nobiscum</strong></span> <span class='ocrx_word' id='word_1_65' title='bbox 1090 1588 1257 1687; x_wconf 82' lang='lat' dir='ltr'><strong>benigue</strong></span> 
     </span>
     <span class='ocr_line' id='line_1_10' title="bbox 73 1718 1257 1843; baseline 0.006 -24"><span class='ocrx_word' id='word_1_66' title='bbox 73 1748 374 1821; x_wconf 88' lang='lat' dir='ltr'><strong>communicent.</strong></span> <span class='ocrx_word' id='word_1_67' title='bbox 442 1718 668 1843; x_wconf 86' lang='lat' dir='ltr'><strong>Quicunque</strong></span> <span class='ocrx_word' id='word_1_68' title='bbox 701 1764 791 1820; x_wconf 76' lang='lat' dir='ltr'><strong>vota</strong></span> <span class='ocrx_word' id='word_1_69' title='bbox 827 1728 982 1817; x_wconf 67' lang='lat' dir='ltr'><strong>audiens</strong></span> <span class='ocrx_word' id='word_1_70' title='bbox 1025 1765 1153 1821; x_wconf 86' lang='lat' dir='ltr'><strong>nostra</strong></span> <span class='ocrx_word' id='word_1_71' title='bbox 1191 1771 1257 1826; x_wconf 90' lang='lat' dir='ltr'><strong>aut</strong></span> 
     </span>
     <span class='ocr_line' id='line_1_11' title="bbox 70 1907 1256 2004; baseline 0.005 -26"><span class='ocrx_word' id='word_1_72' title='bbox 70 1911 245 2002; x_wconf 89' lang='lat' dir='ltr'><strong>plurium</strong></span> <span class='ocrx_word' id='word_1_73' title='bbox 287 1915 515 2004; x_wconf 85' lang='lat' dir='ltr'><strong>specierum,</strong></span> <span class='ocrx_word' id='word_1_74' title='bbox 554 1914 633 1985; x_wconf 77' lang='lat' dir='ltr'><strong>sire</strong></span> <span class='ocrx_word' id='word_1_75' title='bbox 667 1908 852 1985; x_wconf 84' lang='lat' dir='ltr'><strong>novarum</strong></span> <span class='ocrx_word' id='word_1_76' title='bbox 884 1907 964 1980; x_wconf 83' lang='lat' dir='ltr'><strong>sive</strong></span> <span class='ocrx_word' id='word_1_77' title='bbox 997 1913 1124 1981; x_wconf 89' lang='lat' dir='ltr'><strong>minus</strong></span> <span class='ocrx_word' id='word_1_78' title='bbox 1158 1914 1256 1984; x_wconf 83' lang='lat' dir='ltr'><strong>beno</strong></span> 
     </span>
     <span class='ocr_line' id='line_1_12' title="bbox 70 2042 1256 2175; baseline 0.001 -29"><span class='ocrx_word' id='word_1_79' title='bbox 70 2080 341 2172; x_wconf 84' lang='lat' dir='ltr'><strong>cognitarum,</strong></span> <span class='ocrx_word' id='word_1_80' title='bbox 373 2078 671 2170; x_wconf 81' lang='lat' dir='ltr'><strong>expositionem,</strong></span> <span class='ocrx_word' id='word_1_81' title='bbox 707 2078 773 2147; x_wconf 78' lang='lat' dir='ltr'><strong>suit</strong></span> <span class='ocrx_word' id='word_1_82' title='bbox 803 2076 953 2175; x_wconf 80' lang='lat' dir='ltr'><strong>generis</strong></span> <span class='ocrx_word' id='word_1_83' title='bbox 980 2042 1148 2163; x_wconf 85' lang='lat' dir='ltr'><strong>&#39;cujusvis</strong></span> <span class='ocrx_word' id='word_1_84' title='bbox 1182 2079 1256 2147; x_wconf 88' lang='lat' dir='ltr'><strong>sibi</strong></span> 
     </span>
     <span class='ocr_line' id='line_1_13' title="bbox 71 2237 1258 2340; baseline 0.003 -34"><span class='ocrx_word' id='word_1_85' title='bbox 71 2237 204 2308; x_wconf 80' lang='lat' dir='ltr'><strong>dilecti</strong></span> <span class='ocrx_word' id='word_1_86' title='bbox 227 2241 545 2340; x_wconf 84' lang='lat' dir='ltr'><strong>monogrsphiam</strong></span> <span class='ocrx_word' id='word_1_87' title='bbox 570 2238 681 2309; x_wconf 88' lang='lat' dir='ltr'><strong>nobis</strong></span> <span class='ocrx_word' id='word_1_88' title='bbox 704 2239 976 2332; x_wconf 84' lang='lat' dir='ltr'><strong>suppeditabit,</strong></span> <span class='ocrx_word' id='word_1_89' title='bbox 1005 2255 1070 2309; x_wconf 88' lang='lat' dir='ltr'><strong>aut</strong></span> <span class='ocrx_word' id='word_1_90' title='bbox 1095 2239 1258 2332; x_wconf 77' lang='lat' dir='ltr'><strong>denique</strong></span> 
     </span>
     <span class='ocr_line' id='line_1_14' title="bbox 75 2402 1256 2510; baseline -0.001 -37"><span class='ocrx_word' id='word_1_91' title='bbox 75 2426 123 2473; x_wconf 84' lang='lat' dir='ltr'><strong>ex</strong></span> <span class='ocrx_word' id='word_1_92' title='bbox 144 2404 256 2475; x_wconf 88' lang='lat' dir='ltr'><strong>libris</strong></span> <span class='ocrx_word' id='word_1_93' title='bbox 282 2404 509 2494; x_wconf 80' lang='lat' dir='ltr'><strong>rarioribus,</strong></span> <span class='ocrx_word' id='word_1_94' title='bbox 545 2402 771 2492; x_wconf 77' lang='lat' dir='ltr'><strong>carioribus,</strong></span> <span class='ocrx_word' id='word_1_95' title='bbox 796 2404 1081 2510; x_wconf 74' lang='lat' dir='ltr'><strong>recentissimis,</strong></span> <span class='ocrx_word' id='word_1_96' title='bbox 1117 2404 1256 2497; x_wconf 90' lang='lat' dir='ltr'><strong>quibus</strong></span> 
     </span>
     <span class='ocr_line' id='line_1_15' title="bbox 69 2543 1316 2660; baseline -0.002 -23"><span class='ocrx_word' id='word_1_97' title='bbox 69 2543 148 2637; x_wconf 80' lang='lat' dir='ltr'><strong>fors</strong></span> <span class='ocrx_word' id='word_1_98' title='bbox 186 2567 383 2655; x_wconf 84' lang='lat' dir='ltr'><strong>caremus,</strong></span> <span class='ocrx_word' id='word_1_99' title='bbox 410 2583 621 2659; x_wconf 80' lang='lat' dir='ltr'><strong>&#39;excerpta,</strong></span> <span class='ocrx_word' id='word_1_100' title='bbox 650 2565 750 2634; x_wconf 84' lang='lat' dir='ltr'><strong>-huic</strong></span> <span class='ocrx_word' id='word_1_101' title='bbox 785 2588 863 2637; x_wconf 89' lang='lat' dir='ltr'><strong>non</strong></span> <span class='ocrx_word' id='word_1_102' title='bbox 899 2583 1048 2658; x_wconf 87' lang='lat' dir='ltr'><strong>tanturn</strong></span> <span class='ocrx_word' id='word_1_103' title='bbox 1084 2546 1256 2660; x_wconf 89' lang='lat' dir='ltr'><strong>publicae</strong></span> <span class='ocrx_word' id='word_1_104' title='bbox 1313 2596 1316 2606; x_wconf 87' lang='lat'>·</span> 
     </span>
     <span class='ocr_line' id='line_1_16' title="bbox 70 2694 1256 2827; baseline 0 -28"><span class='ocrx_word' id='word_1_105' title='bbox 70 2744 190 2800; x_wconf 88' lang='lat' dir='ltr'><strong>erunt</strong></span> <span class='ocrx_word' id='word_1_106' title='bbox 215 2731 378 2827; x_wconf 83' lang='lat' dir='ltr'><strong>gratiae,</strong></span> <span class='ocrx_word' id='word_1_107' title='bbox 403 2728 486 2819; x_wconf 89' lang='lat' dir='ltr'><strong>sed,</strong></span> <span class='ocrx_word' id='word_1_108' title='bbox 518 2728 593 2821; x_wconf 75' lang='lat' dir='ltr'><strong>quo</strong></span> <span class='ocrx_word' id='word_1_109' title='bbox 619 2730 783 2799; x_wconf 86' lang='lat' dir='ltr'><strong>sanctius</strong></span> <span class='ocrx_word' id='word_1_110' title='bbox 806 2694 850 2790; x_wconf 76' lang='grc' dir='ltr'><strong>τὸΙ</strong></span> <span class='ocrx_word' id='word_1_111' title='bbox 874 2704 1028 2814; x_wconf 71' lang='lat' dir='ltr'><strong>Corona</strong></span> <span class='ocrx_word' id='word_1_112' title='bbox 1054 2729 1168 2815; x_wconf 77' lang='lat' dir='ltr'><strong>Scuta</strong></span> <span class='ocrx_word' id='word_1_113' title='bbox 1195 2750 1256 2800; x_wconf 90' lang='lat' dir='ltr'><strong>co-</strong></span> 
     </span>
     <span class='ocr_line' id='line_1_17' title="bbox 70 2864 1258 2997; baseline -0.008 -34"><span class='ocrx_word' id='word_1_114' title='bbox 70 2896 199 2982; x_wconf 87' lang='lat' dir='ltr'><strong>latur,</strong></span> <span class='ocrx_word' id='word_1_115' title='bbox 236 2915 379 2963; x_wconf 88' lang='lat' dir='ltr'><strong>nomen</strong></span> <span class='ocrx_word' id='word_1_116' title='bbox 405 2895 484 2980; x_wconf 84' lang='lat' dir='ltr'><strong>eju&#39;s</strong></span> <span class='ocrx_word' id='word_1_117' title='bbox 508 2864 831 2981; x_wconf 61' lang='lat' dir='ltr'><strong>nonstsntumad</strong></span> <span class='ocrx_word' id='word_1_118' title='bbox 857 2893 997 2962; x_wconf 85' lang='lat' dir='ltr'><strong>calcem</strong></span> <span class='ocrx_word' id='word_1_119' title='bbox 1023 2867 1258 2997; x_wconf 71' lang='lat' dir='ltr'><strong>obseruatio.</strong></span> 
     </span>
     <span class='ocr_line' id='line_1_18' title="bbox 75 3011 1257 3154; baseline 0.003 -31"><span class='ocrx_word' id='word_1_120' title='bbox 75 3079 166 3126; x_wconf 84' lang='lat' dir='ltr'><strong>nem</strong></span> <span class='ocrx_word' id='word_1_121' title='bbox 190 3080 345 3127; x_wconf 87' lang='lat' dir='ltr'><strong>suarum</strong></span> <span class='ocrx_word' id='word_1_122' title='bbox 370 3011 619 3154; x_wconf 57' lang='lat' dir='ltr'><strong>singularum,</strong></span> <span class='ocrx_word' id='word_1_123' title='bbox 644 3050 774 3129; x_wconf 82' lang='lat' dir='ltr'><strong>sedin</strong></span> <span class='ocrx_word' id='word_1_124' title='bbox 797 3053 890 3145; x_wconf 87' lang='lat' dir='ltr'><strong>ipso,</strong></span> <span class='ocrx_word' id='word_1_125' title='bbox 916 3054 947 3122; x_wconf 89' lang='lat' dir='ltr'><strong>si</strong></span> <span class='ocrx_word' id='word_1_126' title='bbox 972 3056 1107 3147; x_wconf 87' lang='lat' dir='ltr'><strong>placet,</strong></span> <span class='ocrx_word' id='word_1_127' title='bbox 1134 3057 1257 3148; x_wconf 82' lang='lat' dir='ltr'><strong>operis</strong></span> 
     </span>
     <span class='ocr_line' id='line_1_19' title="bbox 75 3176 1255 3345; baseline 0.001 -59"><span class='ocrx_word' id='word_1_128' title='bbox 75 3218 190 3288; x_wconf 86' lang='lat' dir='ltr'><strong>titulo</strong></span> <span class='ocrx_word' id='word_1_129' title='bbox 216 3176 318 3345; x_wconf 79' lang='lat' dir='ltr'><strong>inter</strong></span> <span class='ocrx_word' id='word_1_130' title='bbox 343 3182 578 3290; x_wconf 55' lang='grc' dir='ltr'><strong>Οοὲἆίὶοῑὲέ·</strong></span> <span class='ocrx_word' id='word_1_131' title='bbox 575 3215 656 3286; x_wconf 83' lang='lat' dir='ltr'><strong>erit</strong></span> <span class='ocrx_word' id='word_1_132' title='bbox 679 3217 921 3307; x_wconf 69' lang='lat' dir='ltr'><strong>impressum,</strong></span> <span class='ocrx_word' id='word_1_133' title='bbox 958 3219 1031 3336; x_wconf 84' lang='lat' dir='ltr'><strong>erit</strong></span> <span class='ocrx_word' id='word_1_134' title='bbox 1054 3206 1114 3287; x_wconf 89' lang='lat' dir='ltr'><strong>illi</strong></span> <span class='ocrx_word' id='word_1_135' title='bbox 1138 3218 1255 3308; x_wconf 90' lang='lat' dir='ltr'><strong>idem,</strong></span> 
     </span>
     <span class='ocr_line' id='line_1_20' title="bbox 72 3374 1293 3494; baseline -0.002 -43"><span class='ocrx_word' id='word_1_136' title='bbox 72 3381 196 3475; x_wconf 90' lang='lat' dir='ltr'><strong>quod</strong></span> <span class='ocrx_word' id='word_1_137' title='bbox 193 3402 270 3450; x_wconf 88' lang='lat' dir='ltr'><strong>nos</strong></span> <span class='ocrx_word' id='word_1_138' title='bbox 295 3382 567 3457; x_wconf 83' lang='lat' dir='ltr'><strong>collaborantes</strong></span> <span class='ocrx_word' id='word_1_139' title='bbox 594 3403 681 3449; x_wconf 86' lang='lat' dir='ltr'><strong>cum</strong></span> <span class='ocrx_word' id='word_1_140' title='bbox 712 3378 798 3448; x_wconf 85' lang='lat' dir='ltr'><strong>divo</strong></span> <span class='ocrx_word' id='word_1_141' title='bbox 834 3374 1006 3450; x_wconf 82' lang='lat' dir='ltr'><strong>Ro&#39;mer</strong></span> <span class='ocrx_word' id='word_1_142' title='bbox 1039 3383 1132 3452; x_wconf 90' lang='lat' dir='ltr'><strong>olim</strong></span> <span class='ocrx_word' id='word_1_143' title='bbox 1163 3380 1254 3494; x_wconf 83' lang='lat' dir='ltr'><strong>tuli·</strong></span> <span class='ocrx_word' id='word_1_144' title='bbox 1288 3385 1293 3396; x_wconf 83' lang='lat'><em>&#39;</em></span> 
     </span>
     <span class='ocr_line' id='line_1_21' title="bbox 30 3494 1257 3638; baseline -0.011 -15"><span class='ocrx_word' id='word_1_145' title='bbox 30 3502 37 3623; x_wconf 17' lang='grc'><strong>1.</strong></span> <span class='ocrx_word' id='word_1_146' title='bbox 73 3570 180 3634; x_wconf 89' lang='lat' dir='ltr'><strong>mus,</strong></span> <span class='ocrx_word' id='word_1_147' title='bbox 215 3494 539 3633; x_wconf 74' lang='lat' dir='ltr'><strong>emolumentum,</strong></span> <span class='ocrx_word' id='word_1_148' title='bbox 571 3537 711 3611; x_wconf 82' lang='lat' dir='ltr'><strong>aurei</strong></span> <span class='ocrx_word' id='word_1_149' title='bbox 733 3543 876 3626; x_wconf 85' lang='lat' dir='ltr'><strong>scilicet</strong></span> <span class='ocrx_word' id='word_1_150' title='bbox 899 3530 988 3663; x_wconf 83' lang='lat' dir='ltr'><strong>duo</strong></span> <span class='ocrx_word' id='word_1_151' title='bbox 1012 3562 1081 3638; x_wconf 85' lang='lat' dir='ltr'><strong>pro</strong></span> <span class='ocrx_word' id='word_1_152' title='bbox 1105 3541 1257 3635; x_wconf 90' lang='lat' dir='ltr'><strong>philyra</strong></span> 
     </span>
     <span class='ocr_line' id='line_1_22' title="bbox 39 3700 1254 3816; baseline -0.002 -39"><span class='ocrx_word' id='word_1_153' title='bbox 39 3757 41 3761; x_wconf 30' lang='grc' dir='ltr'>ψ</span> <span class='ocrx_word' id='word_1_154' title='bbox 71 3706 272 3816; x_wconf 18' lang='lat' dir='ltr'><strong>singula*</strong></span> <span class='ocrx_word' id='word_1_155' title='bbox 260 3730 459 3816; x_wconf 77' lang='lat' dir='ltr'><strong>impressa,</strong></span> <span class='ocrx_word' id='word_1_156' title='bbox 500 3723 645 3802; x_wconf 86' lang='lat' dir='ltr'><strong>praeter</strong></span> <span class='ocrx_word' id='word_1_157' title='bbox 678 3700 973 3796; x_wconf 81' lang='lat' dir='ltr'><strong>exactissimam,</strong></span> <span class='ocrx_word' id='word_1_158' title='bbox 1013 3730 1121 3802; x_wconf 27' lang='lat' dir='ltr'><strong>quael</strong></span> <span class='ocrx_word' id='word_1_159' title='bbox 1144 3707 1254 3776; x_wconf 91' lang='lat' dir='ltr'><strong>nobis</strong></span> 
     </span>
     <span class='ocr_line' id='line_1_23' title="bbox 43 3826 1256 3978; baseline -0.006 -37"><span class='ocrx_word' id='word_1_160' title='bbox 43 3953 48 3960; x_wconf 42' lang='grc'><em>,</em></span> <span class='ocrx_word' id='word_1_161' title='bbox 74 3873 143 3942; x_wconf 87' lang='lat' dir='ltr'><strong>sub</strong></span> <span class='ocrx_word' id='word_1_162' title='bbox 168 3853 362 3943; x_wconf 82' lang='lat' dir='ltr'><strong>redactore</strong></span> <span class='ocrx_word' id='word_1_163' title='bbox 387 3850 518 3941; x_wconf 87' lang='lat' dir='ltr'><strong>nostru</strong></span> <span class='ocrx_word' id='word_1_164' title='bbox 542 3891 621 3941; x_wconf 88' lang='lat' dir='ltr'><strong>non</strong></span> <span class='ocrx_word' id='word_1_165' title='bbox 646 3871 750 3962; x_wconf 81' lang='lat' dir='ltr'><strong>fuit,</strong></span> <span class='ocrx_word' id='word_1_166' title='bbox 781 3826 966 3963; x_wconf 84' lang='lat' dir='ltr'><strong>dispendii</strong></span> <span class='ocrx_word' id='word_1_167' title='bbox 996 3869 1039 3937; x_wconf 91' lang='lat' dir='ltr'><strong>in</strong></span> <span class='ocrx_word' id='word_1_168' title='bbox 1060 3867 1256 3978; x_wconf 75' lang='lat' dir='ltr'><strong>mittendis</strong></span> 
     </span>
     <span class='ocr_line' id='line_1_24' title="bbox 70 3994 1254 4129; baseline -0.004 -25"><span class='ocrx_word' id='word_1_169' title='bbox 70 4036 208 4106; x_wconf 90' lang='lat' dir='ltr'><strong>litteris</strong></span> <span class='ocrx_word' id='word_1_170' title='bbox 220 4030 447 4128; x_wconf 76' lang='lat' dir='ltr'><strong>plantisque</strong></span> <span class='ocrx_word' id='word_1_171' title='bbox 465 4010 823 4126; x_wconf 76' lang='lat' dir='ltr'><strong>compensationem.</strong></span> <span class='ocrx_word' id='word_1_172' title='bbox 876 4034 963 4129; x_wconf 85' lang='lat' dir='ltr'><strong>Non</strong></span> <span class='ocrx_word' id='word_1_173' title='bbox 985 3994 1090 4102; x_wconf 85' lang='lat' dir='ltr'><strong>enim</strong></span> <span class='ocrx_word' id='word_1_174' title='bbox 1111 4031 1254 4129; x_wconf 84' lang='lat' dir='ltr'><strong>gloriae</strong></span> 
     </span>
    </p>
   </div>
   <div class='ocr_carea' id='block_1_4' title="bbox 71 4180 1251 4308">
    <p class='ocr_par' dir='ltr' id='par_1_4' title="bbox 71 4180 1251 4308">
     <span class='ocr_line' id='line_1_25' title="bbox 71 4180 1251 4308; baseline -0.007 -41"><span class='ocrx_word' id='word_1_175' title='bbox 71 4193 187 4268; x_wconf 77' lang='lat' dir='ltr'><strong>vanae</strong></span> <span class='ocrx_word' id='word_1_176' title='bbox 213 4180 404 4291; x_wconf 79' lang='lat' dir='ltr'><strong>impurive</strong></span> <span class='ocrx_word' id='word_1_177' title='bbox 429 4199 525 4289; x_wconf 82' lang='lat' dir='ltr'><strong>lucri</strong></span> <span class='ocrx_word' id='word_1_178' title='bbox 550 4199 659 4267; x_wconf 89' lang='lat' dir='ltr'><strong>nobis</strong></span> <span class='ocrx_word' id='word_1_179' title='bbox 687 4219 797 4283; x_wconf 80' lang='lat' dir='ltr'><strong>cura,</strong></span> <span class='ocrx_word' id='word_1_180' title='bbox 823 4195 889 4308; x_wconf 55' lang='lat' dir='ltr'><strong>secll</strong></span> <span class='ocrx_word' id='word_1_181' title='bbox 913 4195 1108 4293; x_wconf 79' lang='lat' dir='ltr'><strong>augmenti</strong></span> <span class='ocrx_word' id='word_1_182' title='bbox 1133 4194 1251 4263; x_wconf 88' lang='lat' dir='ltr'><strong>scien-</strong></span> 
     </span>
    </p>
   </div>
   <div class='ocr_carea' id='block_1_5' title="bbox 240 4478 591 4527">
    <p class='ocr_par' dir='ltr' id='par_1_5' title="bbox 240 4478 591 4527">
     <span class='ocr_line' id='line_1_26' title="bbox 240 4478 591 4527; baseline 0 -5"><span class='ocrx_word' id='word_1_183' title='bbox 240 4517 242 4522; x_wconf 95' lang='lat'>.</span> <span class='ocrx_word' id='word_1_184' title='bbox 317 4499 323 4527; x_wconf 68' lang='lat' dir='ltr'><strong>l</strong></span> <span class='ocrx_word' id='word_1_185' title='bbox 396 4501 404 4521; x_wconf 81' lang='lat'><strong>¹.</strong></span> <span class='ocrx_word' id='word_1_186' title='bbox 474 4478 478 4486; x_wconf 67' lang='lat'><em>¹</em></span> <span class='ocrx_word' id='word_1_187' title='bbox 588 4499 591 4508; x_wconf 80' lang='lat'><em>&#39;</em></span> 
     </span>
    </p>
   </div>
   <div class='ocr_carea' id='block_1_6' title="bbox 0 0 1332 4822">
    <p class='ocr_par' dir='ltr' id='par_1_6' title="bbox 0 0 1332 4822">
     <span class='ocr_line' id='line_1_27' title="bbox 0 0 1332 4822; baseline 0 0"><span class='ocrx_word' id='word_1_188' title='bbox 0 0 1332 4822; x_wconf 95' lang='lat' dir='ltr'><strong> </strong></span> 
     </span>
    </p>
   </div>
  </div>
 </body>
</html>
